@article{Blank2020,
   author = {Julian Blank and Kalyanmoy Deb},
   doi = {10.1109/ACCESS.2020.2990567},
   issn = {2169-3536},
   journal = {IEEE Access},
   title = {Pymoo: Multi-Objective Optimization in Python},
   volume = {8},
   year = {2020},
}
